% Encoding: UTF-8

@InProceedings{Baenagarc2012TF,
  author = {Baenagarcía, Manuel and Carmonacejudo, José M and Castillo, Gladys and Moralesbueno, Rafael},
  title  = {TF-SIDF: Term frequency, sketched inverse document frequency},
  year   = {2012},
}

@Article{,
}

@Comment{jabref-meta: databaseType:bibtex;}
